@article{ref1,
author={ Gerald Oster},
title={The Chemical effects of light},
journal={Chemical and Biological Effects of Light },
volume={},
year= 1968 ,
pages={91-99}
}

@book{ref2,
   author = {Bernard S. Meyer},
   year = {},
   title = {Introducción a la Fisiología Celular},
   publisher = {Editorial Universitaria de Buenos Aires},
   address = {Buenos Aires},
}

@article{ref3,
author={Gerald Oster},
title={Life and Light},
journal={Chemical and Biological Effects of Light },
volume={},
year= 1959 ,
pages={103-106}
}